% Encoding: ISO-8859-1

% Un exemple de lien internet: Si l'auteur n'est pas clairement identifié, mettre le nom global du site (Wikipédia, Larousse, etc.)
% De même pour la date, on peut mettre la date de consultation de l'article
@Misc{WikiMercure,
  author =       {Wikipédia},
  title =        {Précession du Périhélie},
  howpublished = {Wikipédia},
  month =        {Novembre},
  year =         {2016},
  note = {\url{          https://fr.wikipedia.org/wiki/Mercure_(plan%C3%A8te)#Pr.C3.A9cession_du_p.C3.A9rih.C3.A9lie}}
}

% Un exemple d'article pour la gestion de plusieurs auteurs avec le mot-clef "and". S'il y en a plus que deux, on continue à rajouter des "and" comme dans "{machin, bidule and truc, bidule and machin, chose}"

@ARTICLE{PlusieursAuteurs,
  title={Les v{\'e}rifications exp{\'e}rimentales de la relativit{\'e} g{\'e}n{\'e}rale},
  author={Tonnelat, Marie-Antoinette and Romain, Jacques E},
  journal={Physics Today},
  volume={18},
  pages={49},
  year={1965}
}


@Article{einstein1905erzeugung,
  author =    {Einstein, Albert},
  title =     {{\"U}ber einen die Erzeugung und Verwandlung des Lichtes betreffenden heuristischen Gesichtspunkt},
  journal =   {Annalen der Physik},
  year =      {1905},
  volume =    {322},
  number =    {6},
  pages =     {132--148},
  publisher = {Wiley Online Library}
}

% Exemple de citation pour une vidéo Youtube. 
% Là, l'auteur est clairement identifié ainsi que la date de mise en ligne
@Misc{MPEinsteinSpecialRelativity,
  author =       {MinutePhysics},
  title =        {Einstein and The Special Theory of Relativity},
  howpublished = {Vidéo Youtube},
  month =        {Mars},
  year =         {2012},
  note = {\url         {https://www.youtube.com/watch?v=ajhFNcUTJI0}}
}


% D'autres articles, récupérés sur scholar.google.com
@Article{einstein1916grundlage,
  author =    {Einstein, Albert},
  title =     {Die Grundlage der allgemeinen Relativit{\"a}tstheorie},
  journal =   {Annalen der Physik},
  year =      {1916},
  volume =    {354},
  number =    {7},
  pages =     {769--822},
  publisher = {Wiley Online Library}
}

@Article{gerber1898raumliche,
  author =  {Gerber, Paul},
  title =   {Die r{\"a}umliche und zeitliche Ausbreitung der Gravitation},
  journal = {Zeitschrift f. Mathematik und Physik},
  year =    {1898},
  volume =  {43},
  pages =   {93-104},
  note = {\url{     http://bourabai.kz/articles/gerber/gerber-1902.pdf}}
}

@Article{leVerrier1846,
  author =  {Le Verrier, Urbain J},
  title =   {Recherches sur les mouvements d'Uranus par UJ Le Verrier (Beschlu{\ss}.)},
  journal = {Astronomische Nachrichten},
  year =    {1846},
  volume =  {25},
  pages =   {85}
}

@book{machin,
  title={{\'E}loge historique de Urbain-Jean-Joseph Le Verrier},
  author={Bertrand, Joseph},
  year={1879},
  publisher={Typ. de Firmin-Didot et cie}
}

@InProceedings{leVerrier1859theorie,
  author =    {Le Verrier, Urbain J},
  title =     {Theorie du mouvement de Mercure},
  booktitle = {Annales de l'Observatoire de Paris},
  year =      {1859},
  volume =    {5},
  pages =     {1}
}


@Article{silberstein1917motion,
  author =  {Silberstein, Lndwik},
  title =   {The motion of the perihelion of Mercury deduced from the classical theory of relativity},
  journal = {Monthly Notices of the Royal Astronomical Society},
  year =    {1917},
  volume =  {77},
  pages =   {503--510}
}



